Txn Date	Value Date	Description	Ref No./Cheque No.	        Debit	Credit	Balance
22-Oct-23	22-Oct-23	   TO TRANSFER-INB IMPS/P2A/329518750216/XXXXXXX673HDFC--	IMPS00240218872MOAINBHBG4               TRANSFER T	"4,50,000.00"	 	"51,631.32"
02-Nov-23	02-Nov-23	   WITHDRAWAL TRANSFER---	TRANSFER TO 39470399688                           	"27,800.00"	 	"23,831.32"
08-Nov-23	08-Nov-23	   BY TRANSFER-INB IMPS331223392147/9611603322/XX5229/Loan--	MAL000008435577          MAL000008435577          	 	"30,000.00"	"53,831.32"
02-Dec-23	02-Dec-23	   WITHDRAWAL TRANSFER---	TRANSFER TO 39470399688                           	"28,500.00"	 	"25,331.32"
09-Dec-23	09-Dec-23	   BY TRANSFER-NEFT*HDFC0000001*N343232777316733*AVINASH REDDY YE--	TRANSFER FROM 4697184044305	 	"30,000.00"	"55,331.32"
09-Dec-23	09-Dec-23	   BY TRANSFER-NEFT*HDFC0000001*N343232777330091*AVINASH REDDY YE--	TRANSFER FROM 4697243044309	 	"20,000.00"	"75,331.32"
25-Dec-23	25-Dec-23	   CREDIT INTEREST---		 	"1,151.00"	"76,482.32"
02-Jan-24	02-Jan-24	   WITHDRAWAL TRANSFER---	TRANSFER TO 39470399688                           	"28,500.00"	 	"47,982.32"
03-Jan-24	03-Jan-24	   TO TRANSFER-INB Payment towards loan repayment--	IIC4022930               TRANSFER TO 39470399688  	"21,500.00"	 	"26,482.32"
14-Jan-24	14-Jan-24	   BY TRANSFER-NEFT*HDFC0000001*N014242834907512*AVINASH REDDY YE--	TRANSFER FROM 4697257044303	 	"30,000.00"	"56,482.32"
20-Jan-24	20-Jan-24	   CASH DEPOSIT-CASH DEPOSIT SELF--		 	"1,50,000.00"	"2,06,482.32"
20-Jan-24	20-Jan-24	   TO TRANSFER-INB IMPS/P2A/402022774262/XXXXXXX673HDFC--	IMPS00246087359MOAIXRJLK8               TRANSFER T	"1,50,000.00"	 	"56,482.32"
02-Feb-24	02-Feb-24	   WITHDRAWAL TRANSFER---	TRANSFER TO 39470399688                           	"28,500.00"	 	"27,982.32"
02-Feb-24	02-Feb-24	   TO TRANSFER-INB Payment towards loan repayment--	IIC4794933               TRANSFER TO 39470399688  	"21,500.00"	 	"6,482.32"
19-Feb-24	19-Feb-24	   BY TRANSFER-INB IMPS405013160815/9611603322/XX8673/loan--	MAK000064101956          MAK000064101956          	 	"50,000.00"	"56,482.32"
02-Mar-24	02-Mar-24	   WITHDRAWAL TRANSFER---	TRANSFER TO 39470399688                           	"28,500.00"	 	"27,982.32"
05-Mar-24	05-Mar-24	   TO TRANSFER-INB Payment towards loan repayment--	IIC5708375               TRANSFER TO 39470399688  	"21,500.00"	 	"6,482.32"
12-Mar-24	12-Mar-24	   BY TRANSFER-NEFT*HDFC0000001*N072242931689441*AVINASH REDDY YE--	TRANSFER FROM 4698214044306	 	"50,000.00"	"56,482.32"
25-Mar-24	25-Mar-24	   CREDIT INTEREST---		 	270	"56,752.32"
02-Apr-24	02-Apr-24	   WITHDRAWAL TRANSFER---	TRANSFER TO 39470399688                           	"28,500.00"	 	"28,252.32"
03-Apr-24	03-Apr-24	   TO TRANSFER-INB Payment towards loan repayment--	IIC6465256               TRANSFER TO 39470399688  	"21,500.00"	 	"6,752.32"
14-Apr-24	14-Apr-24	   BY TRANSFER-UPI/CR/410535419518/AVINASH /HDFC/avinash.ry/UPI--	TRANSFER FROM 4897738162095	 	"50,000.00"	"56,752.32"